

11111111111111111111111111111111111111111111111

22222222222222222222222222222222222222222222222

33333333333333333333333333333333333333333333333
<<<<<<< HEAD
=======


44444444444444444444444444444444444444444444444

55555555555555555555555555555555555555555555555

66666666666666666666666666666666666666666666666
>>>>>>> a7329e8 (eviando arquivos)
